%% This BibTeX bibliography file was created using BibDesk.
%% http://bibdesk.sourceforge.net/


%% Created for Nick Hawes at 2013-10-20 23:19:35 +0100


%% Saved with string encoding Unicode (UTF-8)
@ARTICLE{aldoma2012using,
  author = {Aitor Aldoma and Zoltan-Csaba Marton and Federico Tombari and Walter
  Wohlkinger and Christian Potthast and Bernhard Zeisl and Radu Bodgan
  Rusu and Suat Gedikli},
  title = {Using the Point Cloud Library for 3D Object Recognition and 6DOF
  Pose Estimation},
  journal = {IEEE Robotics \& Automation Magazine},
  year = {2012},
  volume = {September 2012},
  pages = {12},
  owner = {ja},
  timestamp = {2012.10.30}
}


@incollection{ng2007stair,
        Author = {Morgan Quigley and Eric Berger and Andrew Y. Ng},
        Title = {STAIR: Hardware and Software Architecture},
  Booktitle = {AAAI 2007 Robotics Workshop},
        Publisher = {AAAI Press},
        Year = {2007}}

@incollection{Behera2012,
        Author = {Behera, Ardhendu and Cohn, Anthony G and Hogg, David C},
        Booktitle = {Advances in Multimedia Modeling},
        Date-Added = {2013-10-20 22:19:16 +0000},
        Date-Modified = {2013-10-20 22:19:16 +0000},
        Pages = {196--209},
        Publisher = {Springer},
        Title = {Workflow activity monitoring using dynamics of pair-wise qualitative spatial relations},
        Year = {2012}}

@phdthesis{Sridhar2010a,
        Author = {Sridhar, Muralikrishna},
        Date-Added = {2013-10-20 22:19:16 +0000},
        Date-Modified = {2013-10-20 22:19:16 +0000},
        File = {:home/jay/Desktop/papers/Sridhar - 2010 - Unsupervised Learning of Event and Object Classes from Video by.pdf:pdf},
        Number = {December},
  School = {University Of Leeds},
        Title = {Unsupervised Learning of Event and Object Classes from Video},
        Year = {2010}}

@inproceedings{schuster12orgprinciples,
        Address = {St. Paul, MN, USA},
        Author = {Martin Schuster and Dominik Jain and Moritz Tenorth and Michael Beetz},
        Bib2Html_Groups = {ProbCog, K4C},
        Booktitle = {IEEE International Conference on Robotics and Automation (ICRA)},
        Date-Added = {2013-10-20 20:38:04 +0000},
        Date-Modified = {2013-10-20 20:38:04 +0000},
        Month = {May 14--18},
        Title = {Learning Organizational Principles in Human Environments},
        Year = {2012}}

@inproceedings{Sjoo:2011,
        Author = {Sj{\"o}{\"o}, K. and Jensfelt, P.},
        Booktitle = {Intelligent Robots and Systems (IROS), 2011 IEEE/RSJ International Conference on},
        Date-Added = {2013-10-20 20:34:18 +0000},
        Date-Modified = {2013-10-20 20:34:20 +0000},
        Doi = {10.1109/IROS.2011.6094780},
        Issn = {2153-0858},
        Keywords = {mobile robots;path planning;predictive control;functional simulation;location control;physics simulations;predictive models;relationships objects;spatial relations;task-relevant functional distinctions;Computational modeling;Force;Humans;Robots;Training;Vectors},
        Pages = {1513-1519},
        Title = {Learning spatial relations from functional simulation},
        Year = {2011},
        Bdsk-Url-1 = {http://dx.doi.org/10.1109/IROS.2011.6094780}}

@inproceedings{Holz:2013,
        Abstract = {The dynamical and uncertain environments of domestic service robots, which include humans, require rethinking of the benchmarking principles for testing these robots. In RoboCup@Home, statistical procedures are used to track and steer the progress of domestic service robots since 2006. This paper explains the procedures and shows outcomes of these international benchmarking efforts. Although aspects such as shopping in a supermarket receive a fair amount of attention in the robotics community, the authors think that a recently started test is the most important outcome of RoboCup@Home, namely the benchmarking of robot cognition.},
        Author = {Dirk Holz and Luca Iocchi and Tijn van der Zant},
        Booktitle = {AAAI 2013 Spring Symposium on Designing Intelligent Robots: Reintegrating AI II},
        Date-Added = {2013-10-20 19:03:23 +0000},
        Date-Modified = {2013-10-20 19:04:34 +0000},
        Keywords = {Benchmark, cognitive systems, RoboCup@Home},
        Title = {Benchmarking Intelligent Service Robots through Scientific Competitions: The {RoboCup@Home} Approach},
        Url = {http://www.aaai.org/ocs/index.php/SSS/SSS13/paper/view/5747},
        Year = {2013},
        Bdsk-Url-1 = {http://www.aaai.org/ocs/index.php/SSS/SSS13/paper/view/5747}}

@article{Moratz:2003ti,
	Author = {Moratz, R and Nebel, B and Freksa, C},
	Date-Added = {2012-08-15T06:33:08GMT},
	Date-Modified = {2012-08-16T07:32:14GMT},
	File = {2003 Moratz.pdf:/Users/tessmer/Library/Application Support/Papers2/Articles/2003/Moratz/2003 Moratz.pdf:application/pdf},
	Journal = {Spatial cognition III},
	Local-Url = {file://localhost/Users/tessmer/Library/Application%20Support/Papers2/Articles/2003/Moratz/2003%20Moratz.pdf},
	Pages = {1034--1034},
	Rating = {0},
	Title = {Qualitative spatial reasoning about relative position},
	Uri = {\url{papers2://publication/uuid/79DD51D4-04CF-4782-ABEA-B31C0FE37A5C}},
	Url = {http://www.springerlink.com/index/c0a5w5wl7jg177l2.pdf},
	Year = {2003},
	Bdsk-Url-1 = {http://www.springerlink.com/index/c0a5w5wl7jg177l2.pdf}}

@inproceedings{alberti:2014,
author = {Marina Alberti and John Folkesson and Patric Jensfelt},
title = {Relational approaches for joint object classification and scene similarity measurement in indoor environments},
booktitle ={AAAI 2014 Spring Symposia: Qualitative Representations for Robots},
year = {2014}
}

--------------------------------------------
Akshaya Added:
--------------------------------------------
@INPROCEEDINGS{Janoch:ICCV2011,
author={Janoch, Allison and Karayev, Sergey and Yangqing Jia and Barron, J.T. and Fritz, M. and Saenko, K. and Darrell, T.},
booktitle={Computer Vision Workshops (ICCV Workshops), 2011 IEEE International Conference on},
title={A category-level 3-D object dataset: Putting the Kinect to work},
year={2011},
month={Nov},
pages={1168-1174},
keywords={image colour analysis;image sensors;object detection;Microsoft Kinect;category variation;category-level 3D object detection;color image pair;crowd-sourced collection effort;depth image pair;depth sensor;instance variation;scene variation;viewpoint variation;Cameras;Detectors;Keyboards;Mice;Robot sensing systems;Shape;Three dimensional displays},
doi={10.1109/ICCVW.2011.6130382},}


@inproceedings{Silberman:ECCV2012,
  author    = {Nathan Silberman, Derek Hoiem, Pushmeet Kohli and Rob Fergus},
  title     = {Indoor Segmentation and Support Inference from RGBD Images},
  booktitle = {ECCV},
  year      = {2012}
}

@INPROCEEDINGS{Lai:ICRA2011,
author={Lai, K. and Liefeng Bo and Xiaofeng Ren and Fox, D.},
booktitle={Robotics and Automation (ICRA), 2011 IEEE International Conference on},
title={A large-scale hierarchical multi-view RGB-D object dataset},
year={2011},
month={May},
pages={1817-1824},
keywords={image colour analysis;image sensors;object recognition;robot vision;video signal processing;RGB-D camera;dataset collection procedure;instance detection;large-scale hierarchical multiview RGB-D object dataset;public image recognition;public image repositories;robotic object recognition;visual object category;Cameras;Object recognition;Robot sensing systems;Three dimensional displays;Video sequences;Videos;Visualization},
doi={10.1109/ICRA.2011.5980382},
ISSN={1050-4729},}

@article{Swadzba:RAS2012,
  author       = {Swadzba, Agnes and Wachsmuth, Sven},
  issn         = {0921-8890},
  journal      = {Robotics and Autonomous Systems},
  language     = {English},
  publisher    = {Elsevier},
  title        = {A Detailed Analysis of a New 3D Spatial Feature Vector for Indoor Scene Classification},
  doi          = {10.1016/j.robot.2012.10.006},
  year         = {2012},
}

@INPROCEEDINGS{MyungJin:CVPR2010,
author={Myung Jin Choi and Lim, J.J. and Torralba, A. and Willsky, A.S.},
booktitle={Computer Vision and Pattern Recognition (CVPR), 2010 IEEE Conference on},
title={Exploiting hierarchical context on a large database of object categories},
year={2010},
month={June},
pages={129-136},
keywords={object detection;context model;database;hierarchical context;object category detection;scene understanding tasks;Computer vision;Context modeling;Detectors;Image databases;Image segmentation;Layout;Object detection;Spatial databases;Testing;Tree graphs},
doi={10.1109/CVPR.2010.5540221},
ISSN={1063-6919},}

@inproceedings{Krishna:ECAI2010,
     author = {Krishna S. R. Dubba and Anthony G. Cohn and David C. Hogg},
     title = {Event Model Learning from Complex Videos using ILP},
     booktitle = {Proc. ECAI},
     year = {2010},
     publisher = {IOS Press},
     series = {Frontiers in Artificial Intelligence and Applications},
     volume = {215},
     pages = {93-98},
     leeds_file = {ecai10s.pdf}
}

@inbook{Behera:MMM2012,
     author = { A. Behera and A. G. Cohn and D. C. Hogg},
     title = {Workflow Activity Monitoring using the Dynamics of Pair-wise Qualitative Spatial Relations},
     booktitle = {International Conference on MultiMedia Modeling (MMM), Klagenfurt, Austria},
     year = {2012},
     publisher = {Springer Berlin Heidelberg},
     leeds_file = {mmm-2012.pdf}
}

@article{Ladicky:IJCV2013,
year={2013},
issn={0920-5691},
journal={International Journal of Computer Vision},
volume={103},
number={2},
doi={10.1007/s11263-012-0583-y},
title={Inference Methods for CRFs with Co-occurrence Statistics},
url={http://dx.doi.org/10.1007/s11263-012-0583-y},
publisher={Springer US},
keywords={Conditional random fields; Object class segmentation; Optimization},
author={Ladicky, Lubor and Russell, Chris and Kohli, Pushmeet and Torr, PhilipH.S.},
pages={213-225},
language={English}
}

@inproceedings{Xiao:SIGGRAPH2012,
 author = {Xiao, Jianxiong and Russell, Bryan C. and Hays, James and Ehinger, Krista A. and Oliva, Aude and Torralba, Antonio},
 title = {Basic Level Scene Understanding: From Labels to Structure and Beyond},
 booktitle = {SIGGRAPH Asia 2012 Technical Briefs},
 series = {SA '12},
 year = {2012},
 isbn = {978-1-4503-1915-7},
 location = {Singapore, Singapore},
 pages = {36:1--36:4},
 articleno = {36},
 numpages = {4},
 url = {http://doi.acm.org/10.1145/2407746.2407782},
 doi = {10.1145/2407746.2407782},
 acmid = {2407782},
 publisher = {ACM},
 address = {New York, NY, USA},
 keywords = {3D context model, SUN, basic level scene understanding, scene detection, scene viewpoint recognition},
} 

@incollection{Li:2012,
year={2012},
isbn={978-3-642-35748-0},
booktitle={Trends and Topics in Computer Vision},
volume={6553},
series={Lecture Notes in Computer Science},
editor={Kutulakos, KiriakosN.},
doi={10.1007/978-3-642-35749-7_5},
title={Objects as Attributes for Scene Classification},
url={http://dx.doi.org/10.1007/978-3-642-35749-7_5},
publisher={Springer Berlin Heidelberg},
author={Li, Li-Jia and Su, Hao and Lim, Yongwhan and Fei-Fei, Li},
pages={57-69}
}

@INPROCEEDINGS{Aydemir:ICRA2011,
author={Aydemir, A. and Sjoo, K. and Folkesson, J. and Pronobis, A. and Jensfelt, P.},
booktitle={Robotics and Automation (ICRA), 2011 IEEE International Conference on},
title={Search in the real world: Active visual object search based on spatial relations},
year={2011},
month={May},
pages={2818-2824},
keywords={object detection;probability;robot vision;service robots;topology;large scale active visual object search;service robots;spatial relations;topological relationship;Humans;Robot sensing systems;Search problems;Service robots;Three dimensional displays},
doi={10.1109/ICRA.2011.5980495},
ISSN={1050-4729},
}

@inproceedings{Koppula:NIPS2011,
  title={Semantic labeling of 3d point clouds for indoor scenes},
  author={Koppula, Hema S and Anand, Abhishek and Joachims, Thorsten and Saxena, Ashutosh},
  booktitle={Advances in Neural Information Processing Systems},
  pages={244--252},
  year={2011}
}

@article{Fisher:ACMT2011,
 author = {Fisher, Matthew and Savva, Manolis and Hanrahan, Pat},
 title = {Characterizing Structural Relationships in Scenes Using Graph Kernels},
 journal = {ACM Trans. Graph.},
 issue_date = {July 2011},
 volume = {30},
 number = {4},
 month = jul,
 year = {2011},
 issn = {0730-0301},
 pages = {34:1--34:12},
 articleno = {34},
 numpages = {12},
 url = {http://doi.acm.org/10.1145/2010324.1964929},
 doi = {10.1145/2010324.1964929},
 acmid = {1964929},
 publisher = {ACM},
 address = {New York, NY, USA},
 keywords = {3D model search, graph kernel, scene modeling, structural relationships},
} 

@article{Fisher:ACMT2012,
 author = {Fisher, Matthew and Ritchie, Daniel and Savva, Manolis and Funkhouser, Thomas and Hanrahan, Pat},
 title = {Example-based Synthesis of 3D Object Arrangements},
 journal = {ACM Trans. Graph.},
 issue_date = {November 2012},
 volume = {31},
 number = {6},
 month = nov,
 year = {2012},
 issn = {0730-0301},
 pages = {135:1--135:11},
 articleno = {135},
 numpages = {11},
 url = {http://doi.acm.org/10.1145/2366145.2366154},
 doi = {10.1145/2366145.2366154},
 acmid = {2366154},
 publisher = {ACM},
 address = {New York, NY, USA},
 keywords = {3D scenes, automatic layout, data-driven methods, probabilistic modeling, procedural modeling},
} 

@article{Lin:ICCV2013,
  title={Holistic scene understanding for 3d object detection with rgbd cameras},
  author={Lin, Dahua and Fidler, Sanja and Urtasun, Raquel},
  journal={ICCV, December},
  year={2013}
}

@ARTICLE{Allen83,
    author = {James F. Allen and Lames F. Allen},
    title = {Maintaining knowledge about temporal intervals},
    journal = {Communication of ACM},
    year = {1983},
    pages = {832--843}
}

@INPROCEEDINGS{Southey:2007,
  author = {T. Southey and J. J. Little},
  title = {Learning Qualitative Spatial Relations for Object Classification},
  booktitle = {IROS 2007 Workshop: From Sensors to Human Spatial Concepts},
  year = {2007}
}
@inproceedings{kasper:2011,
 author = {A. Kasper and R. Jakel and R. Dillmann},
 title = {Using Spatial Relations of Objects in Real World Scenes for Scene Structuring and Scene Understanding},
 booktitle = {ICAR 2011: Proceedings of the 15th International Conference on Advanced Robotics},
 year = {2011}
}

@ONLINE{Buerkler:Online2012,
author = {Buerkler, Oliver},
title = {SCENECT - FARO Technologies : http://www.faro.com/scenect},
year = {2012},
url = {http://www.faro.com/scenect/scenect#main}
}

@INPROCEEDINGS{Russell:CVPR2009,
author={Russell, B.C. and Torralba, A.},
booktitle={Computer Vision and Pattern Recognition, 2009. CVPR 2009. IEEE Conference on},
title={Building a database of 3D scenes from user annotations},
year={2009},
month={June},
pages={2711-2718},
keywords={computational geometry;object detection;visual databases;3D coordinates;3D output;3D scenes;high quality 3D information;high quality database;images depicting scenes;implicit geometric information;laser range scanner;object detection;object labels;object validation;training systems;user annotation;viewpoint interpolation;Cameras;Data mining;Humans;Image databases;Internet;Labeling;Layout;Object detection;Solid modeling;Spatial databases},
doi={10.1109/CVPR.2009.5206643},
ISSN={1063-6919},
}

@incollection{Sun:ECCV2010,
year={2010},
isbn={978-3-642-15554-3},
booktitle={Computer Vision – ECCV 2010},
volume={6315},
series={Lecture Notes in Computer Science},
editor={Daniilidis, Kostas and Maragos, Petros and Paragios, Nikos},
doi={10.1007/978-3-642-15555-0_48},
title={Depth-Encoded Hough Voting for Joint Object Detection and Shape Recovery},
url={http://dx.doi.org/10.1007/978-3-642-15555-0_48},
publisher={Springer Berlin Heidelberg},
author={Sun, Min and Bradski, Gary and Xu, Bing-Xin and Savarese, Silvio},
pages={658-671}
}

@ONLINE{WillowGarage:2011,
author = {Gary Bradski and Tsai Hong},
title = {Solution in perception challenge.},
year = {2011},
url = {http://opencv.willow-garage.com/wiki/}
}

@incollection{Kimmel:ACCV2010,
year={2011},
isbn={978-3-642-19314-9},
booktitle={Computer Vision – ACCV 2010},
volume={6492},
series={Lecture Notes in Computer Science},
editor={Kimmel, Ron and Klette, Reinhard and Sugimoto, Akihiro},
doi={10.1007/978-3-642-19315-6_36},
title={Multiple Viewpoint Recognition and Localization},
url={http://dx.doi.org/10.1007/978-3-642-19315-6_36},
publisher={Springer Berlin Heidelberg},
author={Helmer, Scott and Meger, David and Muja, Marius and Little, JamesJ. and Lowe, DavidG.},
pages={464-477}
}

@InProceedings{Goransson13a,
  author =   {Rasmus G\"oransson and Alper Aydemir and Patric Jensfelt},
  title =    {{Kinect@Home}: Crowdsourced {RGB-D} data},
  booktitle =    "Proc. of the 2002 IEEE/RSJ Intl. Conf. on Intelligent Robots and Systems (IROS'02): Cloud Robotics Workshop",
  year =   2013,
}
